@book{Goodfellow-et-al-2016,
    title={Deep Learning},
    author={Ian Goodfellow and Yoshua Bengio and Aaron Courville},
    publisher={MIT Press},
    note={\url{http://www.deeplearningbook.org}},
    year={2016}
}

@inproceedings{Nair-Hinton,
  author = {Nair, Vinod and Hinton, Geoffrey E.},
  booktitle = {ICML},
  ee = {https://icml.cc/Conferences/2010/papers/432.pdf},
  title = {Rectified Linear Units Improve Restricted Boltzmann Machines.},
  url = {https://www.cs.toronto.edu/~fritz/absps/reluICML.pdf},
  year = 2010
}

@inproceedings{inproceedings,
author = {Glorot, Xavier and Bordes, Antoine and Bengio, Y.},
year = {2010},
month = {01},
pages = {},
title = {Deep Sparse Rectifier Neural Networks},
volume = {15},
journal = {Journal of Machine Learning Research},
url = {https://mila.quebec/wp-content/uploads/2019/08/glorot11a.pdf}
}

@misc{tensorflow2015-whitepaper,
title={{TensorFlow}: Large-Scale Machine Learning on Heterogeneous Systems},
url={http://tensorflow.org/},
note={Software available from tensorflow.org},
author={
    Mart\'{\i}n~Abadi and
    Ashish~Agarwal and
    Paul~Barham and
    Eugene~Brevdo and
    Zhifeng~Chen and
    Craig~Citro and
    Greg~S.~Corrado and
    Andy~Davis and
    Jeffrey~Dean and
    Matthieu~Devin and
    Sanjay~Ghemawat and
    Ian~Goodfellow and
    Andrew~Harp and
    Geoffrey~Irving and
    Michael~Isard and
    Yangqing Jia and
    Rafal~Jozefowicz and
    Lukasz~Kaiser and
    Manjunath~Kudlur and
    Josh~Levenberg and
    Dan~Man\'{e} and
    Rajat~Monga and
    Sherry~Moore and
    Derek~Murray and
    Chris~Olah and
    Mike~Schuster and
    Jonathon~Shlens and
    Benoit~Steiner and
    Ilya~Sutskever and
    Kunal~Talwar and
    Paul~Tucker and
    Vincent~Vanhoucke and
    Vijay~Vasudevan and
    Fernanda~Vi\'{e}gas and
    Oriol~Vinyals and
    Pete~Warden and
    Martin~Wattenberg and
    Martin~Wicke and
    Yuan~Yu and
    Xiaoqiang~Zheng},
  year={2015},
}